3090 4954
451 1488 667 1566 AVIANUS
701 1489 979 1566 THEODOSIO.

188 1771 377 1874 Dubitanti
398 1809 485 1891 mihi,
508 1806 672 1878 Theodosi
694 1806 824 1898 optime,
844 1780 986 1899 quonam
1007 1805 1184 1874 litterarum
1207 1809 1245 1873 ti-

187 1927 254 1995 tulo
277 1937 387 1995 nostra
409 1929 541 1994 nomina
561 1929 738 1994 memoriae
754 1926 951 2008 mandarem,
973 1925 1154 1993 fabularum
1174 1937 1246 1994 tex-

187 2055 239 2112 tus
259 2047 406 2128 occurrit,
430 2047 516 2137 quod
537 2046 571 2113 in
585 2043 640 2112 *his
662 2043 786 2112 urbane
808 2053 966 2134 concepta
987 2046 1108 2112 falsitas
1129 2045 1246 2115 doceat

187 2174 220 2231 et
240 2187 305 2231 non
326 2165 493 2233 incumbat
511 2166 689 2233 necessitas
711 2163 900 2230 severitatis.
934 2163 1022 2250 [nam
1043 2163 1114 2253 quis
1134 2172 1245 2231 tecum

162 2284 232 2351 sde
255 2286 414 2366 oratione,
443 2287 513 2376 quis
537 2284 579 2350 ele
600 2293 750 2374 poemate
775 2283 977 2374 loqueretur,
1008 2301 1082 2348 eum
1102 2283 1136 2348 in
1157 2292 1246 2352 utro-

186 2425 250 2494 que
271 2401 449 2469 litterarum
470 2423 590 2492 genere
611 2410 645 2468 et
659 2401 782 2467 Atticos
800 2399 927 2468 Graeca
947 2397 1127 2468 eruditione
1148 2425 1245 2494 supe-

185 2544 237 2588 res
259 2532 292 2589 et
313 2520 484 2589 Latinitate
504 2519 708 2608 Romanosl]
735 2517 830 2586 huius
852 2541 930 2610 ergo
952 2521 1106 2588 materiae
1127 2519 1245 2589 ducem

184 2639 277 2708 nobis
300 2643 468 2731 Aesopum
489 2642 633 2724 noveris,
663 2641 717 2730 qui
738 2661 894 2731 responso
916 2631 1067 2729 Delphioi
1088 2631 1244 2731 Apollinis

186 2761 328 2827 monitus
350 2751 483 2828 ridicula
506 2781 598 2828 orsus
621 2768 679 2843 est,
701 2768 738 2825 ut
758 2757 923 2850 sequenda
944 2756 1093 2825 finnaret.
1130 2781 1246 2827 verum

150 2874 247 2942 rohas
269 2899 330 2965 pro
353 2879 502 2969 exemplo
524 2877 649 2946 fabulas
672 2885 706 2944 et
727 2877 879 2944 Socrates
901 2875 1015 2943 divinis
1038 2867 1175 2944 oraculis
1196 2882 1246 2946 in-

186 2993 273 3061 didit.
287 3003 320 3061 et
338 2999 479 3086 poemati
500 3019 561 3063 suo
580 2996 718 3064 Flaccus
741 2995 871 3084 aptavit,
892 2992 980 3085 quod
1000 2995 1034 3062 in
1056 3017 1093 3062 se
1110 2995 1173 3064 sub
1195 2998 1244 3065 io-

100 3155 102 3159 ·
184 3133 298 3181 eorum
330 3114 549 3182 communium
578 3114 686 3202 specie
714 3114 801 3180 vitae
828 3121 1016 3202 argumenta
1043 3115 1244 3182 eont'meant:

184 3255 264 3323 quas
287 3232 419 3300 Graecis
447 3232 560 3300 iambis
583 3231 721 3299 Babn’us
746 3240 897 3323 repetens
924 3231 958 3298 in
987 3228 1051 3324 (luo
1078 3230 1245 3308 volumina

185 3351 356 3434 coartavit,
379 3348 545 3420 Phaedrus
569 3353 666 3420 etiam
687 3359 813 3443 partem
834 3345 973 3442 aliquam
996 3349 1135 3442 quinque
1154 3352 1188 3418 in
1205 3352 1245 3418 li-

148 3467 290 3541 rsbellos
310 3457 473 3537 resolvit·
496 3471 537 3536 de
565 3467 614 3539 his
642 3493 705 3560 ego
732 3470 773 3536 ad
794 3465 884 3536 XLll
908 3471 942 3536 in
970 3489 1070 3536 unum
1096 3459 1244 3537 redaotas

254 3744 340 3796 Versu
357 3746 375 3798 2
393 3741 454 3795 libri
476 3745 564 3796 nostri
584 3743 700 3794 somissis
722 3743 884 3794 memoriam.
916 3747 972 3795 turn
996 3743 1152 3796 mandarem
1174 3759 1243 3798 unus

183 3833 302 3888 omnium
321 3833 523 3902 antiquissimus
540 3849 556 3884 a
573 3831 659 3900 prime
676 3849 766 3900 manu,
784 3833 869 3886 aeteri
881 3835 1077 3887 mandaremus.
1113 3835 1130 3886 3
1149 3835 1243 3888 deceat

184 3925 319 3996 plerique,
336 3942 399 3980 mox
416 3927 434 3980 4
451 3925 577 3978 ueritatis
596 3939 701 3991 omnem
726 3923 792 3976 item
809 3926 827 3978 9
845 3925 969 3993 lepeerto,
988 3926 1023 3980 10
1042 3927 1140 3978 divinia
1152 3929 1242 3994 operi-

186 4015 243 4070 toa.
278 4020 313 4070 13
331 4019 435 4086 peetus
452 4016 547 4068 iambis
566 4015 690 4068 horitrius
708 4020 736 4068 et
759 4016 794 4070 14
812 4015 932 4069 Ploedus
948 4016 1016 4070 liber
1033 4015 1152 4071 omnium
1170 4019 1241 4071 anti·
1274 4001 1283 4064 Ϊ

184 4107 337 4176 quissimus.
373 4109 407 4162 15
425 4123 489 4177 erpo
507 4105 637 4176 plerique.

999 4251 1042 4309 1*
