<?xml version="1.0" encoding="UTF-8"?>
<!DOCTYPE html PUBLIC "-//W3C//DTD XHTML 1.0 Transitional//EN"
    "http://www.w3.org/TR/xhtml1/DTD/xhtml1-transitional.dtd">
<html xmlns="http://www.w3.org/1999/xhtml" xml:lang="en" lang="en">
 <head>
  <title>
</title>
<meta http-equiv="Content-Type" content="text/html;charset=utf-8" />
  <meta name='ocr-system' content='tesseract 3.04.00' />
  <meta name='ocr-capabilities' content='ocr_page ocr_carea ocr_par ocr_line ocrx_word'/>
</head>
<body>
  <div class='ocr_page' id='page_1' title='image "./avianifabulae00wilhgoog_0013.png"; bbox 0 0 3090 4954; ppageno 0'>
   <div class='ocr_carea' id='block_1_1' title="bbox 799 397 821 458">
    <p class='ocr_par' dir='ltr' id='par_1_1' title="bbox 799 397 821 458">
     <span class='ocr_line' id='line_1_1' title="bbox 799 397 821 458; baseline 0 0"><span class='ocrx_word' id='word_1_1' title='bbox 799 397 821 458; x_wconf 80' lang='lat'>8</span> 
     </span>
    </p>
   </div>
   <div class='ocr_carea' id='block_1_2' title="bbox 310 562 1280 1130">
    <p class='ocr_par' dir='ltr' id='par_1_2' title="bbox 310 562 1280 1130">
     <span class='ocr_line' id='line_1_2' title="bbox 392 562 1111 654; baseline -0.006 -24"><span class='ocrx_word' id='word_1_2' title='bbox 392 566 538 654; x_wconf 90' lang='lat' dir='ltr'><strong>quamvis</strong></span> <span class='ocrx_word' id='word_1_3' title='bbox 560 574 735 654; x_wconf 85' lang='lat' dir='ltr'><strong>perpetuos</strong></span> <span class='ocrx_word' id='word_1_4' title='bbox 757 573 848 631; x_wconf 89' lang='lat' dir='ltr'><strong>curet</strong></span> <span class='ocrx_word' id='word_1_5' title='bbox 868 563 900 629; x_wconf 87' lang='lat' dir='ltr'><strong>in</strong></span> <span class='ocrx_word' id='word_1_6' title='bbox 924 563 1001 628; x_wconf 86' lang='lat' dir='ltr'><strong>erbe</strong></span> <span class='ocrx_word' id='word_1_7' title='bbox 1023 562 1111 630; x_wconf 86' lang='lat' dir='ltr'><strong>deos.</strong></span> 
     </span>
     <span class='ocr_line' id='line_1_3' title="bbox 349 681 1175 774; baseline -0.001 -25"><span class='ocrx_word' id='word_1_8' title='bbox 349 693 426 750; x_wconf 88' lang='lat' dir='ltr'><strong>tunc</strong></span> <span class='ocrx_word' id='word_1_9' title='bbox 448 681 553 774; x_wconf 83' lang='lat' dir='ltr'>vulpis</span> <span class='ocrx_word' id='word_1_10' title='bbox 574 683 737 774; x_wconf 81' lang='lat' dir='ltr'><strong>pecudum</strong></span> <span class='ocrx_word' id='word_1_11' title='bbox 758 683 865 750; x_wconf 86' lang='lat' dir='ltr'><strong>ridens</strong></span> <span class='ocrx_word' id='word_1_12' title='bbox 888 691 1001 772; x_wconf 80' lang='lat' dir='ltr'><strong>arguta</strong></span> <span class='ocrx_word' id='word_1_13' title='bbox 1024 682 1175 772; x_wconf 88' lang='lat' dir='ltr'><strong>quietem,</strong></span> 
     </span>
     <span class='ocr_line' id='line_1_4' title="bbox 310 799 1111 892; baseline 0 -26"><span class='ocrx_word' id='word_1_14' title='bbox 310 823 338 866; x_wconf 88' lang='lat' dir='ltr'><strong>ro</strong></span> <span class='ocrx_word' id='word_1_15' title='bbox 394 803 567 871; x_wconf 83' lang='lat' dir='ltr'><strong>verborum</strong></span> <span class='ocrx_word' id='word_1_16' title='bbox 587 823 705 868; x_wconf 86' lang='lat' dir='ltr'><strong>vanam</strong></span> <span class='ocrx_word' id='word_1_17' title='bbox 726 799 865 892; x_wconf 79' lang='lat' dir='ltr'>prodidit</span> <span class='ocrx_word' id='word_1_18' title='bbox 885 825 958 868; x_wconf 80' lang='lat' dir='ltr'><strong>esse</strong></span> <span class='ocrx_word' id='word_1_19' title='bbox 979 800 1111 868; x_wconf 79' lang='lat' dir='ltr'><strong>idemz&#39;</strong></span> 
     </span>
     <span class='ocr_line' id='line_1_5' title="bbox 345 914 1280 1012; baseline 0.002 -24"><span class='ocrx_word' id='word_1_20' title='bbox 345 916 442 989; x_wconf 90' lang='lat' dir='ltr'><strong>‘haec</strong></span> <span class='ocrx_word' id='word_1_21' title='bbox 464 920 552 988; x_wconf 88' lang='lat' dir='ltr'><strong>dabit</strong></span> <span class='ocrx_word' id='word_1_22' title='bbox 573 917 726 1011; x_wconf 77' lang='lat' dir='ltr'><strong>aegrotis&#39;</strong></span> <span class='ocrx_word' id='word_1_23' title='bbox 749 921 852 1012; x_wconf 84' lang='lat' dir='ltr'><strong>inquit</strong></span> <span class='ocrx_word' id='word_1_24' title='bbox 868 914 1095 988; x_wconf 81' lang='lat' dir='ltr'><strong>‘medicamina</strong></span> <span class='ocrx_word' id='word_1_25' title='bbox 1118 922 1280 1006; x_wconf 85' lang='lat' dir='ltr'><strong>membris,</strong></span> 
     </span>
     <span class='ocr_line' id='line_1_6' title="bbox 391 1019 1160 1130; baseline -0.005 -22"><span class='ocrx_word' id='word_1_26' title='bbox 391 1039 509 1130; x_wconf 85' lang='lat' dir='ltr'><strong>pallida</strong></span> <span class='ocrx_word' id='word_1_27' title='bbox 532 1039 699 1109; x_wconf 82' lang='lat' dir='ltr'><strong>caeruleus</strong></span> <span class='ocrx_word' id='word_1_28' title='bbox 721 1041 774 1107; x_wconf 88' lang='lat' dir='ltr'><strong>cui</strong></span> <span class='ocrx_word' id='word_1_29' title='bbox 793 1035 892 1106; x_wconf 80' lang='lat' dir='ltr'><strong>nuta&#39;l·</strong></span> <span class='ocrx_word' id='word_1_30' title='bbox 908 1061 966 1106; x_wconf 88' lang='lat' dir='ltr'><strong>ora</strong></span> <span class='ocrx_word' id='word_1_31' title='bbox 986 1037 1114 1106; x_wconf 69' lang='lat' dir='ltr'><strong>colcrl&#39;</strong></span> <span class='ocrx_word' id='word_1_32' title='bbox 1157 1019 1160 1022; x_wconf 33' lang='lat'>⁵</span> 
     </span>
    </p>
   </div>
   <div class='ocr_carea' id='block_1_3' title="bbox 281 1275 1283 3388">
    <p class='ocr_par' dir='ltr' id='par_1_3' title="bbox 308 1275 1241 1846">
     <span class='ocr_line' id='line_1_7' title="bbox 308 1275 1241 1370; baseline 0.003 -27"><span class='ocrx_word' id='word_1_33' title='bbox 308 1282 327 1343; x_wconf 91' lang='grc'>7</span> <span class='ocrx_word' id='word_1_34' title='bbox 350 1275 460 1366; x_wconf 85' lang='lat' dir='ltr'><strong>[Haud</strong></span> <span class='ocrx_word' id='word_1_35' title='bbox 481 1276 575 1344; x_wconf 84' lang='lat' dir='ltr'><strong>facilc</strong></span> <span class='ocrx_word' id='word_1_36' title='bbox 598 1288 648 1346; x_wconf 90' lang='lat' dir='ltr'><strong>est</strong></span> <span class='ocrx_word' id='word_1_37' title='bbox 669 1276 777 1370; x_wconf 84' lang='lat' dir='ltr'><strong>pravis</strong></span> <span class='ocrx_word' id='word_1_38' title='bbox 798 1279 944 1344; x_wconf 80' lang='lat' dir='ltr'><strong>innatum</strong></span> <span class='ocrx_word' id='word_1_39' title='bbox 966 1277 1125 1345; x_wconf 80' lang='lat' dir='ltr'><strong>mentibus</strong></span> <span class='ocrx_word' id='word_1_40' title='bbox 1147 1281 1184 1346; x_wconf 92' lang='lat' dir='ltr'><strong>ut</strong></span> <span class='ocrx_word' id='word_1_41' title='bbox 1203 1303 1241 1346; x_wconf 89' lang='lat' dir='ltr'><strong>se</strong></span> 
     </span>
     <span class='ocr_line' id='line_1_8' title="bbox 393 1393 1154 1490; baseline 0 -26"><span class='ocrx_word' id='word_1_42' title='bbox 393 1396 580 1464; x_wconf 88' lang='lat' dir='ltr'><strong>muneribus</strong></span> <span class='ocrx_word' id='word_1_43' title='bbox 603 1393 938 1490; x_wconf 78' lang='lat' dir='ltr'><strong>dignassuppdcicve</strong></span> <span class='ocrx_word' id='word_1_44' title='bbox 958 1397 1094 1489; x_wconf 84' lang='lat' dir='ltr'><strong>putent]</strong></span> <span class='ocrx_word' id='word_1_45' title='bbox 1151 1399 1154 1406; x_wconf 81' lang='grc'><strong>“</strong></span> 
     </span>
     <span class='ocr_line' id='line_1_9' title="bbox 351 1515 1231 1609; baseline 0.002 -25"><span class='ocrx_word' id='word_1_46' title='bbox 351 1516 449 1584; x_wconf 82' lang='lat' dir='ltr'><strong>Forte</strong></span> <span class='ocrx_word' id='word_1_47' title='bbox 471 1517 560 1583; x_wconf 88' lang='lat' dir='ltr'><strong>canis</strong></span> <span class='ocrx_word' id='word_1_48' title='bbox 584 1515 1050 1609; x_wconf 74' lang='lat' dir='ltr'><strong>quoidam,·ru&#39;rllis·-la&#39;tratibus</strong></span> <span class='ocrx_word' id='word_1_49' title='bbox 1072 1516 1208 1586; x_wconf 83' lang='lat' dir='ltr'><strong>horrens</strong></span> <span class='ocrx_word' id='word_1_50' title='bbox 1228 1530 1231 1541; x_wconf 93' lang='grc'><strong>’</strong></span> 
     </span>
     <span class='ocr_line' id='line_1_10' title="bbox 392 1633 1146 1730; baseline 0.001 -27"><span class='ocrx_word' id='word_1_51' title='bbox 392 1659 455 1704; x_wconf 90' lang='lat' dir='ltr'><strong>nec</strong></span> <span class='ocrx_word' id='word_1_52' title='bbox 475 1635 592 1727; x_wconf 89' lang='lat' dir='ltr'><strong>patulis</strong></span> <span class='ocrx_word' id='word_1_53' title='bbox 613 1633 754 1730; x_wconf 84' lang='lat' dir='ltr'><strong>primum</strong></span> <span class='ocrx_word' id='word_1_54' title='bbox 775 1637 905 1706; x_wconf 88' lang='lat' dir='ltr'><strong>rictibus</strong></span> <span class='ocrx_word' id='word_1_55' title='bbox 928 1659 984 1704; x_wconf 89' lang='lat' dir='ltr'><strong>cra</strong></span> <span class='ocrx_word' id='word_1_56' title='bbox 1006 1635 1146 1720; x_wconf 80' lang='lat' dir='ltr'><strong>trahens,</strong></span> 
     </span>
     <span class='ocr_line' id='line_1_11' title="bbox 326 1753 1228 1846; baseline 0.009 -30"><span class='ocrx_word' id='word_1_57' title='bbox 326 1754 462 1822; x_wconf 78' lang='lat' dir='ltr'><strong>smollia</strong></span> <span class='ocrx_word' id='word_1_58' title='bbox 485 1756 544 1822; x_wconf 89' lang='lat' dir='ltr'><strong>sed</strong></span> <span class='ocrx_word' id='word_1_59' title='bbox 565 1757 703 1846; x_wconf 79' lang='lat' dir='ltr'><strong>pavidae</strong></span> <span class='ocrx_word' id='word_1_60' title='bbox 723 1753 915 1836; x_wconf 81' lang='lat' dir='ltr'><strong>submittens</strong></span> <span class='ocrx_word' id='word_1_61' title='bbox 937 1757 1073 1827; x_wconf 74' lang='lat' dir='ltr'><strong>verbera</strong></span> <span class='ocrx_word' id='word_1_62' title='bbox 1095 1758 1228 1840; x_wconf 84' lang='lat' dir='ltr'><strong>cuudac,</strong></span> 
     </span>
    </p>

    <p class='ocr_par' dir='ltr' id='par_1_4' title="bbox 281 1871 1283 3388">
     <span class='ocr_line' id='line_1_12' title="bbox 396 1871 1081 1941; baseline 0.004 -3"><span class='ocrx_word' id='word_1_63' title='bbox 396 1874 543 1940; x_wconf 86' lang='lat' dir='ltr'><strong>concitus</strong></span> <span class='ocrx_word' id='word_1_64' title='bbox 566 1873 680 1941; x_wconf 79' lang='lat' dir='ltr'>audaci</span> <span class='ocrx_word' id='word_1_65' title='bbox 702 1871 838 1940; x_wconf 85' lang='lat' dir='ltr'><strong>vrdncra</strong></span> <span class='ocrx_word' id='word_1_66' title='bbox 860 1872 955 1940; x_wconf 89' lang='lat' dir='ltr'><strong>dente</strong></span> <span class='ocrx_word' id='word_1_67' title='bbox 977 1871 1081 1941; x_wconf 82' lang='lat' dir='ltr'><strong>dabat</strong></span> 
     </span>
     <span class='ocr_line' id='line_1_13' title="bbox 352 1989 1262 2086; baseline 0.007 -27"><span class='ocrx_word' id='word_1_68' title='bbox 352 1989 439 2060; x_wconf 92' lang='lat' dir='ltr'><strong>hunc</strong></span> <span class='ocrx_word' id='word_1_69' title='bbox 462 1989 622 2076; x_wconf 86' lang='lat' dir='ltr'><strong>dominus,</strong></span> <span class='ocrx_word' id='word_1_70' title='bbox 642 2014 783 2086; x_wconf 82' lang='lat' dir='ltr'><strong>nequem</strong></span> <span class='ocrx_word' id='word_1_71' title='bbox 805 1991 947 2084; x_wconf 74' lang='lat' dir='ltr'><strong>probitas</strong></span> <span class='ocrx_word' id='word_1_72' title='bbox 969 1993 1118 2062; x_wconf 84' lang='lat' dir='ltr'><strong>simulata</strong></span> <span class='ocrx_word' id='word_1_73' title='bbox 1138 1992 1262 2081; x_wconf 82' lang='lat' dir='ltr'><strong>lateret,</strong></span> 
     </span>
     <span class='ocr_line' id='line_1_14' title="bbox 393 2113 1126 2202; baseline 0.005 -25"><span class='ocrx_word' id='word_1_74' title='bbox 393 2113 587 2178; x_wconf 87' lang='lat' dir='ltr'><strong>iusserat&#39;in</strong></span> <span class='ocrx_word' id='word_1_75' title='bbox 609 2113 720 2180; x_wconf 88' lang='lat' dir='ltr'><strong>rabido</strong></span> <span class='ocrx_word' id='word_1_76' title='bbox 744 2123 873 2202; x_wconf 84' lang='lat' dir='ltr'><strong>gutture</strong></span> <span class='ocrx_word' id='word_1_77' title='bbox 895 2115 978 2179; x_wconf 86' lang='lat' dir='ltr'><strong>ferre</strong></span> <span class='ocrx_word' id='word_1_78' title='bbox 1000 2123 1126 2182; x_wconf 81' lang='lat' dir='ltr'><strong>notam:</strong></span> 
     </span>
     <span class='ocr_line' id='line_1_15' title="bbox 354 2228 1145 2321; baseline 0.009 -28"><span class='ocrx_word' id='word_1_79' title='bbox 354 2228 499 2296; x_wconf 83' lang='lat' dir='ltr'><strong>faucibus</strong></span> <span class='ocrx_word' id='word_1_80' title='bbox 526 2231 652 2298; x_wconf 80' lang='lat' dir='ltr'><strong>innexis</strong></span> <span class='ocrx_word' id='word_1_81' title='bbox 681 2231 868 2320; x_wconf 76' lang='lat' dir='ltr'><strong>crepitantia</strong></span> <span class='ocrx_word' id='word_1_82' title='bbox 896 2229 1035 2321; x_wconf 83' lang='lat' dir='ltr'><strong>subligat</strong></span> <span class='ocrx_word' id='word_1_83' title='bbox 1061 2255 1145 2314; x_wconf 87' lang='lat' dir='ltr'><strong>aera,</strong></span> 
     </span>
     <span class='ocr_line' id='line_1_16' title="bbox 313 2347 1127 2440; baseline 0.011 -29"><span class='ocrx_word' id='word_1_84' title='bbox 313 2367 344 2412; x_wconf 91' lang='lat'><strong>10</strong></span> <span class='ocrx_word' id='word_1_85' title='bbox 402 2370 485 2437; x_wconf 85' lang='lat' dir='ltr'><strong>quae</strong></span> <span class='ocrx_word' id='word_1_86' title='bbox 506 2347 591 2416; x_wconf 85' lang='lat' dir='ltr'><strong>lucili</strong></span> <span class='ocrx_word' id='word_1_87' title='bbox 612 2360 704 2417; x_wconf 88' lang='lat' dir='ltr'><strong>motu</strong></span> <span class='ocrx_word' id='word_1_88' title='bbox 722 2352 816 2440; x_wconf 83' lang='lat' dir='ltr'><strong>signa</strong></span> <span class='ocrx_word' id='word_1_89' title='bbox 839 2351 984 2418; x_wconf 77' lang='lat' dir='ltr'><strong>cavenda</strong></span> <span class='ocrx_word' id='word_1_90' title='bbox 1005 2352 1127 2420; x_wconf 82' lang='lat' dir='ltr'><strong>darent</strong></span> 
     </span>
     <span class='ocr_line' id='line_1_17' title="bbox 281 2463 1168 2557; baseline 0.005 -25"><span class='ocrx_word' id='word_1_91' title='bbox 281 2469 284 2478; x_wconf 79' lang='lat'><em>&#39;</em></span> <span class='ocrx_word' id='word_1_92' title='bbox 355 2463 438 2532; x_wconf 85' lang='lat' dir='ltr'><strong>haec</strong></span> <span class='ocrx_word' id='word_1_93' title='bbox 459 2476 569 2533; x_wconf 88' lang='lat' dir='ltr'><strong>tamen</strong></span> <span class='ocrx_word' id='word_1_94' title='bbox 591 2465 644 2532; x_wconf 85' lang='lat' dir='ltr'><strong>ille</strong></span> <span class='ocrx_word' id='word_1_95' title='bbox 667 2467 727 2532; x_wconf 88' lang='lat' dir='ltr'><strong>sibi</strong></span> <span class='ocrx_word' id='word_1_96' title='bbox 749 2465 1064 2557; x_wconf 82' lang='lat' dir='ltr'><strong>credebatpraemia</strong></span> <span class='ocrx_word' id='word_1_97' title='bbox 1084 2473 1168 2550; x_wconf 76' lang='lat' dir='ltr'><strong>ferri,</strong></span> 
     </span>
     <span class='ocr_line' id='line_1_18' title="bbox 397 2571 1246 2673; baseline 0.005 -24"><span class='ocrx_word' id='word_1_98' title='bbox 397 2593 430 2650; x_wconf 88' lang='lat' dir='ltr'><strong>et</strong></span> <span class='ocrx_word' id='word_1_99' title='bbox 451 2582 588 2650; x_wconf 78' lang='lat' dir='ltr'><strong>similem</strong></span> <span class='ocrx_word' id='word_1_100' title='bbox 609 2583 739 2662; x_wconf 72' lang='lat' dir='ltr'><strong>turbam¹</strong></span> <span class='ocrx_word' id='word_1_101' title='bbox 757 2581 954 2673; x_wconf 75' lang='lat' dir='ltr'><strong>despiciebat</strong></span> <span class='ocrx_word' id='word_1_102' title='bbox 975 2605 1085 2662; x_wconf 81' lang='lat' dir='ltr'><strong>orans.</strong></span> <span class='ocrx_word' id='word_1_103' title='bbox 1165 2629 1167 2636; x_wconf 46' lang='grc' dir='ltr'><strong><em>ι</em></strong></span> <span class='ocrx_word' id='word_1_104' title='bbox 1232 2571 1246 2638; x_wconf 43' lang='lat'><strong>⁴-</strong></span> 
     </span>
     <span class='ocr_line' id='line_1_19' title="bbox 357 2702 1167 2795; baseline 0.006 -28"><span class='ocrx_word' id='word_1_105' title='bbox 357 2709 434 2769; x_wconf 87' lang='lat' dir='ltr'><strong>lunc</strong></span> <span class='ocrx_word' id='word_1_106' title='bbox 454 2702 661 2770; x_wconf 84' lang='lat' dir='ltr'><strong>insultantem</strong></span> <span class='ocrx_word' id='word_1_107' title='bbox 683 2707 791 2772; x_wconf 89' lang='lat' dir='ltr'><strong>senior</strong></span> <span class='ocrx_word' id='word_1_108' title='bbox 813 2703 853 2770; x_wconf 90' lang='lat' dir='ltr'><strong>de</strong></span> <span class='ocrx_word' id='word_1_109' title='bbox 875 2702 970 2795; x_wconf 90' lang='lat' dir='ltr'><strong>plebe</strong></span> <span class='ocrx_word' id='word_1_110' title='bbox 993 2705 1167 2795; x_wconf 88' lang='lat' dir='ltr'><strong>superbum</strong></span> 
     </span>
     <span class='ocr_line' id='line_1_20' title="bbox 401 2820 1147 2912; baseline 0.005 -24"><span class='ocrx_word' id='word_1_111' title='bbox 401 2821 595 2912; x_wconf 82' lang='lat' dir='ltr'><strong>adgreditur,</strong></span> <span class='ocrx_word' id='word_1_112' title='bbox 618 2823 785 2890; x_wconf 84' lang='lat' dir='ltr'><strong>tali—sibila</strong></span> <span class='ocrx_word' id='word_1_113' title='bbox 807 2845 890 2895; x_wconf 87' lang='lat' dir='ltr'><strong>vuce</strong></span> <span class='ocrx_word' id='word_1_114' title='bbox 911 2846 1056 2892; x_wconf 83' lang='lat' dir='ltr'><strong>movens.</strong></span> <span class='ocrx_word' id='word_1_115' title='bbox 1083 2820 1086 2828; x_wconf 77' lang='grc'><em>’</em></span> <span class='ocrx_word' id='word_1_116' title='bbox 1132 2843 1147 2878; x_wconf 75' lang='grc' dir='ltr'><strong>ῑ’</strong></span> 
     </span>
     <span class='ocr_line' id='line_1_21' title="bbox 315 2935 1223 3034; baseline 0.01 -29"><span class='ocrx_word' id='word_1_117' title='bbox 315 2960 344 3005; x_wconf 74' lang='lat' dir='ltr'><strong>rs</strong></span> <span class='ocrx_word' id='word_1_118' title='bbox 360 2935 510 3028; x_wconf 83' lang='lat' dir='ltr'><strong>[‘infelix,</strong></span> <span class='ocrx_word' id='word_1_119' title='bbox 532 2963 615 3032; x_wconf 85' lang='lat' dir='ltr'><strong>quae</strong></span> <span class='ocrx_word' id='word_1_120' title='bbox 637 2939 732 3008; x_wconf 75' lang='lat' dir='ltr'><strong>tanta</strong></span> <span class='ocrx_word' id='word_1_121' title='bbox 747 2945 833 3034; x_wconf 85' lang='lat' dir='ltr'><strong>rapit</strong></span> <span class='ocrx_word' id='word_1_122' title='bbox 853 2943 1015 3012; x_wconf 79' lang='lat' dir='ltr'><strong>dementia</strong></span> <span class='ocrx_word' id='word_1_123' title='bbox 1038 2962 1180 3029; x_wconf 79' lang='lat' dir='ltr'><strong>sensum,</strong></span> <span class='ocrx_word' id='word_1_124' title='bbox 1220 2967 1223 2974; x_wconf 88' lang='grc'><strong>’</strong></span> 
     </span>
     <span class='ocr_line' id='line_1_22' title="bbox 404 3063 1256 3156; baseline 0.004 -30"><span class='ocrx_word' id='word_1_125' title='bbox 404 3081 538 3128; x_wconf 84' lang='lat' dir='ltr'><strong>munera</strong></span> <span class='ocrx_word' id='word_1_126' title='bbox 559 3081 618 3149; x_wconf 89' lang='lat' dir='ltr'><strong>pro</strong></span> <span class='ocrx_word' id='word_1_127' title='bbox 640 3063 772 3131; x_wconf 75' lang='lat' dir='ltr'><strong>meritis</strong></span> <span class='ocrx_word' id='word_1_128' title='bbox 785 3065 925 3156; x_wconf 87' lang='lat' dir='ltr'><strong>sicupis</strong></span> <span class='ocrx_word' id='word_1_129' title='bbox 947 3067 1009 3132; x_wconf 87' lang='lat' dir='ltr'><strong>ista</strong></span> <span class='ocrx_word' id='word_1_130' title='bbox 1032 3065 1138 3150; x_wconf 69' lang='lat' dir='ltr'><strong>darii]</strong></span> <span class='ocrx_word' id='word_1_131' title='bbox 1253 3092 1256 3106; x_wconf 90' lang='lat'><strong>·</strong></span> 
     </span>
     <span class='ocr_line' id='line_1_23' title="bbox 351 3175 1232 3258; baseline -0.003 -12"><span class='ocrx_word' id='word_1_132' title='bbox 351 3175 431 3246; x_wconf 83' lang='lat' dir='ltr'><strong>‘non</strong></span> <span class='ocrx_word' id='word_1_133' title='bbox 453 3179 516 3244; x_wconf 86' lang='lat' dir='ltr'><strong>hoc</strong></span> <span class='ocrx_word' id='word_1_134' title='bbox 537 3181 662 3244; x_wconf 83' lang='lat' dir='ltr'><strong>virtutis</strong></span> <span class='ocrx_word' id='word_1_135' title='bbox 683 3181 785 3244; x_wconf 83' lang='lat' dir='ltr'><strong>decus</strong></span> <span class='ocrx_word' id='word_1_136' title='bbox 806 3175 986 3244; x_wconf 67' lang='lat' dir='ltr'><strong>&#39;ostentatur</strong></span> <span class='ocrx_word' id='word_1_137' title='bbox 1005 3177 1145 3258; x_wconf 79' lang='lat' dir='ltr'><strong>inuare,</strong></span> <span class='ocrx_word' id='word_1_138' title='bbox 1183 3219 1186 3227; x_wconf 92' lang='lat'><em>·</em></span> <span class='ocrx_word' id='word_1_139' title='bbox 1216 3207 1232 3228; x_wconf 49' lang='lat' dir='ltr'><strong>a</strong></span> 
     </span>
     <span class='ocr_line' id='line_1_24' title="bbox 399 3289 1283 3388; baseline -0.002 -25"><span class='ocrx_word' id='word_1_140' title='bbox 399 3296 562 3388; x_wconf 83' lang='lat' dir='ltr'><strong>nequitiae</strong></span> <span class='ocrx_word' id='word_1_141' title='bbox 584 3304 701 3362; x_wconf 83' lang='lat' dir='ltr'><strong>testem</strong></span> <span class='ocrx_word' id='word_1_142' title='bbox 722 3293 781 3360; x_wconf 88' lang='lat' dir='ltr'><strong>sed</strong></span> <span class='ocrx_word' id='word_1_143' title='bbox 803 3289 887 3382; x_wconf 70' lang='lat' dir='ltr'><strong>gsscris</strong></span> <span class='ocrx_word' id='word_1_144' title='bbox 902 3291 986 3360; x_wconf 66' lang='lat' dir='ltr'><strong>‘inde</strong></span> <span class='ocrx_word' id='word_1_145' title='bbox 1005 3289 1144 3370; x_wconf 62' lang='lat' dir='ltr'><strong>sanum?</strong></span> <span class='ocrx_word' id='word_1_146' title='bbox 1177 3331 1180 3336; x_wconf 22' lang='grc' dir='ltr'><strong>Δ</strong></span> <span class='ocrx_word' id='word_1_147' title='bbox 1241 3339 1244 3345; x_wconf 90' lang='grc'><strong>-</strong></span> <span class='ocrx_word' id='word_1_148' title='bbox 1279 3343 1283 3350; x_wconf 78' lang='lat'><em>‚</em></span> 
     </span>
    </p>
   </div>
   <div class='ocr_carea' id='block_1_4' title="bbox 294 3664 1353 4100">
    <p class='ocr_par' dir='ltr' id='par_1_5' title="bbox 294 3664 1352 3824">
     <span class='ocr_line' id='line_1_25' title="bbox 294 3664 1352 3733; baseline -0.006 -15"><span class='ocrx_word' id='word_1_149' title='bbox 294 3667 312 3718; x_wconf 81' lang='grc'>9</span> <span class='ocrx_word' id='word_1_150' title='bbox 331 3671 423 3716; x_wconf 79' lang='lat' dir='ltr'><strong>astuta</strong></span> <span class='ocrx_word' id='word_1_151' title='bbox 441 3664 486 3716; x_wconf 83' lang='lat' dir='ltr'><strong>hic</strong></span> <span class='ocrx_word' id='word_1_152' title='bbox 505 3680 607 3732; x_wconf 89' lang='lat' dir='ltr'><strong>omnes,</strong></span> <span class='ocrx_word' id='word_1_153' title='bbox 624 3664 705 3733; x_wconf 85' lang='lat' dir='ltr'><strong>pauci</strong></span> <span class='ocrx_word' id='word_1_154' title='bbox 722 3664 792 3717; x_wconf 80' lang='lat' dir='ltr'><strong>inira</strong></span> <span class='ocrx_word' id='word_1_155' title='bbox 809 3664 854 3731; x_wconf 79' lang='lat'><strong>40,</strong></span> <span class='ocrx_word' id='word_1_156' title='bbox 873 3667 899 3720; x_wconf 85' lang='lat'><strong>7.</strong></span> <span class='ocrx_word' id='word_1_157' title='bbox 935 3681 1015 3718; x_wconf 75' lang='lat' dir='ltr'><strong>versu</strong></span> <span class='ocrx_word' id='word_1_158' title='bbox 1033 3665 1067 3718; x_wconf 87' lang='grc'><strong>10</strong></span> <span class='ocrx_word' id='word_1_159' title='bbox 1084 3681 1180 3716; x_wconf 79' lang='lat' dir='ltr'><strong>vanum</strong></span> <span class='ocrx_word' id='word_1_160' title='bbox 1200 3664 1352 3728; x_wconf 83' lang='lat' dir='ltr'><strong>Cannegie-</strong></span> 
     </span>
     <span class='ocr_line' id='line_1_26' title="bbox 295 3747 1174 3824; baseline -0.001 -16"><span class='ocrx_word' id='word_1_161' title='bbox 295 3762 379 3824; x_wconf 79' lang='lat' dir='ltr'><strong>terna,</strong></span> <span class='ocrx_word' id='word_1_162' title='bbox 396 3753 458 3807; x_wconf 83' lang='lat' dir='ltr'><strong>libri</strong></span> <span class='ocrx_word' id='word_1_163' title='bbox 477 3769 597 3808; x_wconf 76' lang='lat' dir='ltr'><strong>uacuam.</strong></span> <span class='ocrx_word' id='word_1_164' title='bbox 665 3786 668 3796; x_wconf 91' lang='lat'>·</span> <span class='ocrx_word' id='word_1_165' title='bbox 1005 3753 1009 3761; x_wconf 93' lang='lat'>&#39;</span> <span class='ocrx_word' id='word_1_166' title='bbox 1041 3792 1044 3800; x_wconf 50' lang='lat'><em>1</em></span> <span class='ocrx_word' id='word_1_167' title='bbox 1155 3747 1174 3772; x_wconf 64' lang='lat'><strong>²</strong></span> 
     </span>
    </p>

    <p class='ocr_par' dir='ltr' id='par_1_6' title="bbox 294 3843 1353 4100">
     <span class='ocr_line' id='line_1_27' title="bbox 366 3843 1352 3917; baseline -0.006 -15"><span class='ocrx_word' id='word_1_168' title='bbox 366 3849 382 3902; x_wconf 89' lang='grc'><strong>7</strong></span> <span class='ocrx_word' id='word_1_169' title='bbox 402 3847 505 3913; x_wconf 84' lang='lat' dir='ltr'><strong>(Babrii</strong></span> <span class='ocrx_word' id='word_1_170' title='bbox 520 3847 595 3916; x_wconf 76' lang='grc'>104),</span> <span class='ocrx_word' id='word_1_171' title='bbox 614 3849 631 3900; x_wconf 81' lang='grc'>3</span> <span class='ocrx_word' id='word_1_172' title='bbox 649 3849 781 3917; x_wconf 78' lang='lat' dir='ltr'><strong>quondum</strong></span> <span class='ocrx_word' id='word_1_173' title='bbox 794 3846 925 3914; x_wconf 83' lang='lat' dir='ltr'><strong>plerique,</strong></span> <span class='ocrx_word' id='word_1_174' title='bbox 944 3849 1052 3916; x_wconf 76' lang='lat' dir='ltr'><strong>qnidam</strong></span> <span class='ocrx_word' id='word_1_175' title='bbox 1061 3844 1165 3914; x_wconf 81' lang='lat' dir='ltr'><strong>eliquat</strong></span> <span class='ocrx_word' id='word_1_176' title='bbox 1179 3843 1352 3898; x_wconf 77' lang='lat' dir='ltr'><strong>recentiores.</strong></span> 
     </span>
     <span class='ocr_line' id='line_1_28' title="bbox 296 3935 1353 4008; baseline -0.003 -16"><span class='ocrx_word' id='word_1_177' title='bbox 296 3935 424 3992; x_wconf 75' lang='lat' dir='ltr'><strong>Sacram</strong></span> <span class='ocrx_word' id='word_1_178' title='bbox 442 3939 667 4006; x_wconf 81' lang='lat' dir='ltr'><strong>Cenncgieternr,</strong></span> <span class='ocrx_word' id='word_1_179' title='bbox 686 3941 776 3991; x_wconf 82' lang='lat' dir='ltr'><strong>nutam</strong></span> <span class='ocrx_word' id='word_1_180' title='bbox 796 3939 890 4006; x_wconf 81' lang='lat' dir='ltr'><strong>vulgo,</strong></span> <span class='ocrx_word' id='word_1_181' title='bbox 908 3941 1006 3992; x_wconf 74' lang='lat' dir='ltr'><strong>molunt</strong></span> <span class='ocrx_word' id='word_1_182' title='bbox 1024 3939 1077 4008; x_wconf 83' lang='lat' dir='ltr'><strong>duo</strong></span> <span class='ocrx_word' id='word_1_183' title='bbox 1095 3935 1281 4005; x_wconf 83' lang='lat' dir='ltr'><strong>antiquissimi.</strong></span> <span class='ocrx_word' id='word_1_184' title='bbox 1318 3935 1353 3990; x_wconf 75' lang='lat' dir='ltr'><strong>ld</strong></span> 
     </span>
     <span class='ocr_line' id='line_1_29' title="bbox 294 4028 1335 4100; baseline -0.001 -18"><span class='ocrx_word' id='word_1_185' title='bbox 294 4030 403 4098; x_wconf 76' lang='lat' dir='ltr'><strong>sirrputa</strong></span> <span class='ocrx_word' id='word_1_186' title='bbox 422 4045 523 4098; x_wconf 87' lang='lat' dir='ltr'><strong>omnes,</strong></span> <span class='ocrx_word' id='word_1_187' title='bbox 542 4037 570 4084; x_wconf 87' lang='lat' dir='ltr'><strong>ct</strong></span> <span class='ocrx_word' id='word_1_188' title='bbox 588 4030 710 4100; x_wconf 83' lang='lat' dir='ltr'><strong>plerique</strong></span> <span class='ocrx_word' id='word_1_189' title='bbox 728 4046 847 4083; x_wconf 79' lang='lat' dir='ltr'><strong>monens.</strong></span> <span class='ocrx_word' id='word_1_190' title='bbox 879 4028 881 4034; x_wconf 82' lang='lat'>&#39;</span> <span class='ocrx_word' id='word_1_191' title='bbox 1332 4033 1335 4041; x_wconf 87' lang='grc'><strong>“</strong></span> 
     </span>
    </p>
   </div>
   <div class='ocr_carea' id='block_1_5' title="bbox 0 0 1586 4954">
    <p class='ocr_par' dir='ltr' id='par_1_7' title="bbox 0 0 1586 4954">
     <span class='ocr_line' id='line_1_30' title="bbox 0 0 1586 4954; baseline 0 0"><span class='ocrx_word' id='word_1_192' title='bbox 0 0 1586 4954; x_wconf 95' lang='lat' dir='ltr'><strong> </strong></span> 
     </span>
    </p>
   </div>
  </div>
 </body>
</html>
