3090 4954
770 397 813 462 24

267 568 306 632 31
330 565 498 654 Ingentem
519 567 620 634 fertur
641 586 713 632 mus
736 565 898 656 quondam
919 587 1039 656 parvus
1061 563 1213 632 oberrans

378 709 477 753 ausus
499 685 540 752 ab
562 687 681 772 exiguo
703 683 833 755 laedere
856 684 951 752 dente
973 685 1104 750 bovem:

333 827 448 872 verum
469 805 524 872 ubi
546 805 690 872 mordaci
712 804 851 872 confecit
870 802 1005 870 vulnera
1025 811 1140 883 rostro,

379 930 467 991 tutus
490 925 523 992 in
545 923 707 990 anfractus
730 923 877 991 conditur
898 921 973 988 inde
995 943 1081 988 suos.

307 1039 388 1108 site
405 1040 482 1108 lieet
502 1051 595 1108 vasta
615 1043 745 1110 torvrim
767 1042 894 1110 cervice
916 1043 1067 1123 minetur,

377 1181 444 1225 non
465 1168 573 1226 tamen
594 1161 694 1228 iratres
717 1183 814 1252 quem
836 1170 925 1252 petat
947 1183 1019 1228 esse
1040 1160 1143 1228 videt:

334 1273 386 1343 hic
408 1276 628 1368 indignantem
648 1279 732 1345 iusto
756 1299 907 1347 sermone
928 1280 1065 1368 fatigans

379 1395 509 1485 dispulit
529 1394 662 1466 hostiles
685 1395 858 1466 ealliditate
878 1395 993 1478 inmas,

335 1508 415 1582 ‘non
438 1517 513 1606 quia
533 1539 653 1605 magna
674 1515 729 1584 tibi
750 1516 930 1584 tribuerunt
950 1515 1095 1584 membra
1116 1523 1277 1606 parentes,
1334 1509 1336 1514 ’

298 1654 327 1698 ro
383 1635 503 1702 viribus
527 1635 676 1704 effectum
699 1633 901 1704 contribuere
923 1630 1004 1704 ruis?

342 1753 443 1841 [disce
464 1761 573 1822 tamen
594 1752 745 1820 brevibus
769 1775 853 1844 quae
874 1754 916 1820 sit
937 1752 1053 1822 fiducia
1074 1751 1235 1831 menistris,

382 1882 415 1937 et
434 1872 531 1938 [aciat
551 1869 706 1963 quidquid
727 1869 864 1960 parvula
886 1869 980 1939 turbe
1002 1870 1113 1960 cupit]

276 2110 320 2176 32
341 2109 538 2180 Haerentem
558 2108 647 2180 luteo
669 2110 728 2178 rub
751 2110 877 2200 gurgite
899 2111 1038 2178 netem
1050 2130 1157 2181 ,axem

384 2227 522 2319 liquerat
543 2237 576 2296 et
597 2249 699 2295 nexos
721 2228 764 2294 ad
784 2229 862 2317 iuga
882 2227 975 2295 tarda
991 2227 1102 2294 boves.

344 2345 474 2434 [trustra
502 2346 662 2437 dispositis
690 2343 854 2416 confidens
881 2346 1118 2414 numeraveris

386 2465 470 2530 ferre
491 2466 557 2532 suis
580 2464 686 2548 rebus,
709 2489 784 2534 eum
801 2465 966 2548 resideret,
988 2465 1107 2555 opem]

317 2583 399 2650 seui
419 2591 527 2648 rector
548 2582 681 2674 summis
705 2580 890 2671 Tirynthius
912 2580 981 2648 infit
1001 2582 1041 2648 ab
1063 2584 1155 2650 astris

388 2705 477 2787 (nam
498 2710 595 2768 vocat
615 2700 702 2768 hunc
726 2700 866 2793 supplex
886 2701 928 2794 in¹
942 2723 1002 2768 sua
1022 2709 1100 2768 vota
1122 2701 1231 2786 deum)

342 2817 457 2912 ‘perge
478 2819 661 2888 laborantes
683 2819 819 2888 stimulis
842 2822 965 2911 agitare
984 2821 1152 2901 iuvencos,

390 2949 422 3006 et
444 2938 592 3006 manibus
613 2940 721 3029 pigras
745 2938 834 3006 disce
854 2940 968 3006 iuvare
989 2949 1086 3008 rotas.
1133 2997 1136 3006 r

269 3147 270 3150 Ἴ
348 3068 381 3126 te
403 3079 533 3148 quoque
554 3079 766 3146 congressum
788 3056 974 3148 maioraque
996 3059 1116 3128 viribus
1138 3081 1270 3128 ausum=
1317 3119 1320 3126 .

306 3199 337 3244 10
393 3178 441 3244 ias
463 3199 599 3264 superos
619 3177 733 3244 animis
755 3175 928 3243 conciliare
949 3178 1032 3242 tuis„

350 3295 437 3362 disee
460 3304 569 3362 tamen
589 3293 689 3384 pigris
711 3313 777 3360 non
798 3292 886 3360 flecti
907 3294 1038 3360 numina
1059 3295 1153 3376 votis,
1194 3332 1197 3340 ·

391 3423 643 3506 praesentesque
666 3408 790 3493 adhibe,
813 3433 888 3481 eum
907 3413 989 3482 facis
1009 3413 1092 3506 ipse,
1115 3411 1212 3508 deos?

356 3733 391 3786 al
415 3727 520 3796 (Babrii
538 3729 619 3796 112),
643 3730 659 3783 t
683 3729 725 3782 tte
749 3728 979 3796 capreginum,
1004 3737 1068 3783 tene
1088 3730 1164 3798 libri,
1189 3727 1208 3781 8
1231 3731 1348 3798 distulit,

285 3825 322 3878 lo
338 3823 511 3876 eonditum.

356 3913 391 3966 32
409 3911 514 3978 (Batrii
531 3910 626 3978 20),9
647 3910 719 3960 trec
737 3924 845 3976 omnes,
865 3913 972 3982 praeter
993 3925 1075 3964 unum
1094 3908 1282 3979 recentiorem,
1300 3914 1348 3982 qui

285 4003 367 4050 hahet
384 4009 414 4056 to
432 4008 461 4056 et
478 4018 539 4056 oum
557 3998 617 4055 aliis
636 4015 690 4053 non
709 3999 902 4069 antiquissimis
921 4018 1078 4070 conpressos
1098 4006 1126 4053 et
1144 4017 1233 4054 nones.
