3090 4954
781 419 819 485 12

336 592 395 659 sed
418 615 491 659 cum
515 591 665 681 subrepto
689 592 785 657 fueris
810 590 1006 656 tristissimus
1031 611 1119 668 auro,

372 735 424 778 me
446 711 582 800 primam
604 707 742 774 lacrimis
766 706 949 775 sollicitabis
970 704 1082 798 inops?

272 949 312 1014 13
332 947 516 1014 Inmensum
539 957 648 1013 taurus
670 948 796 1036 fugeret
818 967 893 1010 cum
915 945 997 1009 forte
1020 943 1149 1010 leonem

376 1075 508 1155 tutaque
531 1065 665 1131 desertis
688 1073 858 1154 quaereret
880 1073 971 1130 antra
991 1063 1062 1144 viis,

334 1183 522 1274 speluncam
544 1177 671 1272 reperit,
695 1203 792 1271 quam
814 1191 891 1248 tunc
913 1180 1051 1248 hirsutus
1074 1181 1213 1250 habebat

379 1299 528 1390 Cinyphii
551 1300 666 1367 ductor
688 1301 742 1390 qui
765 1295 873 1388 gregis
896 1321 969 1364 esse
991 1296 1083 1366 solet.

308 1419 399 1486 uhuc
420 1420 476 1486 ubi
497 1422 668 1486 summissa
689 1413 898 1488 meditantem
919 1417 1104 1508 inrumpere
1116 1419 1226 1484 ¹fronte

381 1539 494 1622 obuius
517 1537 646 1628 obliqua
669 1537 783 1604 terruit
805 1557 863 1602 ore
884 1529 991 1626 caper,

337 1658 433 1722 tristis
457 1656 720 1747 obit-longinqua
741 1653 863 1744 fugax,¹
876 1653 916 1720 de
939 1653 1168 1723 calle'locutus

381 1779 469 1860 (nam
491 1773 586 1840 timor*
608 1773 780 1863 expulsum
802 1773 906 1862 iurgia
928 1774 1011 1840 lerru
1033 1779 1132 1859 vetat)

335 1889 415 1960 tnun
439 1902 470 1958 te
494 1891 649 1958 demissis·
664 1903 839 1973 saetosum,
862 1891 982 1982 putide,
1006 1893 1122 1976 barbis,

296 2035 327 2078 1⁰
382 2011 482 2093 illum,
505 2012 560 2101 qui
583 2021 729 2100 superest
749 2009 1004 2103 insequiturque,
1025 2009 1144 2079 tremo:

339 2154 416 2197 nam
438 2131 465 2196 si
488 2127 641 2212 discedat,
663 2151 790 2211 nosces,
811 2125 1007 2212 stultissime,
1031 2141 1186 2220 quantum

383 2250 542 2338 discrepet
564 2271 584 2314 a
607 2249 688 2314 tauri
710 2247 829 2315 viribus
852 2247 959 2316 hircus
982 2246 1092 2316 olens?

278 2487 318 2553 14
341 2485 485 2575 luppiter
505 2487 538 2551 in
560 2494 627 2552 toto
651 2483 816 2576 quondam
837 2489 1042 2578 quaesiverat
1062 2487 1149 2568 orbe,

281 2673 283 2677 ,
383 2605 692 2680 munem-natorum
715 2603 947 2692 qunimcliora
968 2601 1068 2671 daret.
1148 2681 1153 2690 ἱ

340 2723 487 2790 certatim
509 2722 549 2788 ad
573 2745 684 2812 regem
708 2723 806 2788 currit
827 2745 931 2812 genus
952 2743 1049 2788 omne
1070 2717 1220 2803 feramm,

387 2843 647 2932 permixtumque
664 2839 790 2907 'bomini
812 2839 937 2930 cogitur
957 2839 1032 2908 inde
1053 2863 1168 2931 pecus:
1257 2883 1260 2890 .

314 2960 414 3048 u[sed
436 2983 497 3026 nec
520 2960 716 3053 squamigeri
740 2958 856 3040 desunt
880 2958 920 3024 ad
942 2959 1044 3049 iurgia
1061 2955 1183 3050 pisces,

380 3077 434 3146 vel
455 3079 608 3170 quidquid
629 3076 938 3166 uolucrum-purior
952 3100 1030 3146 aura
1053 3078 1164 3165 vehit]
1246 3115 1250 3130 =

343 3201 426 3264 inter
448 3219 528 3285 quos
542 3193 695 3284 trepidae
716 3194 1032 3284 ducebantpigncru
1054 3193 1182 3279 matres,

380 3315 499 3403 iudicio
517 3313 601 3380 tami
622 3312 822 3380 discutienda
843 3311 905 3378 dei.
935 3315 938 3320 ’
978 3333 982 3341 ’

344 3447 419 3503 tunc
442 3433 548 3499 brevis
568 3432 741 3500 informem
764 3430 1001 3500 tmharet²cum
1022 3436 1113 3502 simia
1134 3445 1255 3517 natum,

348 3697 382 3750 1³
401 3693 505 3762 (uum
521 3695 579 3760 91),
597 3698 614 3746 2
631 3698 702 3762 iupis
715 3695 882 3763 'paucissimi
917 3698 935 3748 b
953 3696 1020 3748 bunc
1035 3695 1091 3762 ulii,
1110 3697 1159 3748 alii
1168 3705 1240 3765 past,
1259 3698 1339 3762 pauci

281 3795 334 3840 nst.
370 3789 387 3841 7
408 3785 464 3838 otu
483 3801 551 3838 nnus
569 3785 712 3854 antiquus,
730 3786 820 3838 ceteni-
834 3787 907 3838 etit.-
939 3789 993 3839 sed
1006 3783 1246 3855 omues'laupuque
1264 3789 1339 3839 etde

279 3880 360 3931 uultu.
395 3875 520 3932 saalim
538 3875 622 3930 cuer.
658 3878 693 3930 10
709 3877 909 3944 insequiturque
928 3893 1008 3946 unus,
1028 3878 1112 3932 ceteri
1128 3873 1187 3929 lere
1205 3879 1341 3946 consequi-

279 3977 383 4034 turque.
662 3950 664 3952 ¹
715 4031 718 4037 y
1033 4011 1035 4015 ,

353 4057 386 4110 14
404 4056 507 4123 (Babrii
520 4058 577 4125 56),
596 4060 612 4112 2
632 4058 676 4125 qui
694 4058 736 4110 rel
755 4059 813 4126 quis
831 4059 902 4112 libri.
938 4061 955 4113 l
974 4065 1079 4129 ccyttru'
1097 4069 1136 4112 tre
1155 4074 1258 4123 omnes,
1276 4059 1340 4112 item
