3090 4954
845 378 884 442 16

397 549 443 614 sic
463 555 634 638 postquam
658 547 749 614 dictis
773 549 896 614 animos
919 547 1072 615 disiunxit
1094 546 1226 629 acerbis,

437 669 554 734 invasit
575 669 729 736 miserum
751 667 943 758 diripuitque
965 689 1106 758 gregem.

358 810 388 854 rs
403 787 485 874 [tum
508 786 638 876 quidam
661 809 703 853 ex
723 784 785 852 illis
803 781 919 854 ‘vitam
941 807 1072 854 servare
1095 787 1235 877 quietam

441 906 495 996 qui
516 905 633 995 cupiet,
655 912 766 970 nostra
788 903 912 974 discere
935 915 1038 972 morte
1060 901 1199 994 potest.']

336 1145 375 1208 19
397 1142 575 1209 Horrcntes
599 1141 714 1208 dumos
737 1143 825 1208 abies
847 1143 1060 1230 pulcherrimo
1083 1142 1161 1224 risit,

440 1281 515 1327 oum
537 1260 680 1326 tacerent
702 1260 824 1326 tonnae
846 1261 950 1350 iurgia
971 1281 1090 1349 magno
1112 1283 1202 1328 suec.

398 1378 578 1469 [indignum
600 1379 743 1446 reterens
765 1382 890 1448 cunctis
912 1389 1077 1448 certamen
1100 1376 1220 1462 haberi,

442 1521 524 1588 quos
545 1499 667 1566 meritis
691 1496 799 1566 nullus
821 1501 1024 1567 consociaret
1044 1498 1173 1585 honos]

371 1611 485 1685 s‘nam
506 1615 585 1684 mihi
606 1616 783 1685 deductum
804 1639 941 1710 surgens
964 1619 997 1686 in
1018 1617 1127 1686 nubila
1148 1639 1268 1706 corpus

444 1737 573 1802 verticis
597 1743 721 1802 erectos
743 1735 825 1800 tollit
845 1738 878 1804 in
899 1748 985 1806 ostra
1007 1759 1127 1820 comas,

399 1852 561 1946 puppibus
588 1863 620 1920 ct
641 1851 758 1943 patulis
779 1854 886 1922 media
908 1877 983 1924 cum
1003 1855 1082 1923 sede
1103 1854 1257 1934 locamur,

444 1975 478 2040 in
500 1995 553 2038 me
576 1994 753 2063 suspensos
775 1972 916 2062 explicat
939 1997 1016 2042 eura
1039 1975 1143 2042 sinus:

400 2104 433 2160 at
454 2093 511 2160 tibi
534 2091 713 2160 deformem
738 2093 824 2182 quod
847 2094 925 2161 dant
946 2096 1072 2182 spineta
1093 2090 1246 2179 figuram.

358 2233 388 2277 ro
445 2209 633 2300 despectum
653 2211 761 2276 cuncti
782 2211 978 2300 praeteriere
999 2205 1076 2276 uiri.³

399 2328 453 2396 ille
475 2330 572 2396 refert
589 2323 690 2398 ‘nunc
712 2327 798 2398 taeta
819 2329 950 2420 quidem
970 2328 1055 2398 bona
1077 2328 1148 2396 solu
1170 2328 1288 2411 interis,

444 2458 476 2513 et
498 2447 613 2516 frueris
636 2450 760 2514 nostris·
775 2449 947 2536 imperiosa
968 2446 1076 2517 malis:

400 2565 457 2634 sed
481 2587 555 2632 cum
576 2563 712 2653 pulchra
734 2566 845 2632 minax
865 2565 1010 2634 succidet
1029 2566 1176 2634 membro
1197 2568 1333 2650 securis,

444 2703 541 2776 rmum
562 2680 663 2748 velles
687 2683 795 2772 spinas
817 2692 894 2752 turc
915 2682 1066 2752 habuisse
1089 2681 1212 2752 meas!'

334 2925 378 2989 20
399 2924 547 2990 Piscator
566 2920 679 2988 solitus
700 2923 856 3009 praedam
878 2920 1078 3011 suspendere
1100 2933 1191 2992 sacta

443 3041 554 3131 exigui
573 3040 670 3130 piscis
692 3039 757 3109 vite
771 3038 926 3110 trahebat
939 3063 1039 3114 onus.

399 3161 457 3226 sed
479 3169 653 3248 postquem
675 3181 810 3248 superas
832 3170 964 3250 ceptum
982 3161 1133 3248 perduxit
1154 3159 1195 3228 ad
1217 3183 1313 3228 ouras

442 3288 539 3370 atque
561 3279 657 3345 avido
680 3275 781 3349 fixum
799 3252 920 3349 'vulnus
942 3276 982 3344 ab
1004 3297 1061 3344 ore
1087 3275 1168 3358 tutia,

370 3392 517 3490 s‘parcc,
540 3394 674 3489 precor,'
697 3397 999 3490 lacrimissupplex
1021 3398 1065 3464 ita
1087 3395 1167 3462 dixit
1188 3393 1326 3462 obortis:

438 3513 528 3586 ‘narn
551 3530 671 3610 quanta
694 3543 736 3586 ex
758 3529 869 3588 nostro
891 3537 1026 3606 corpore
1050 3517 1135 3582 dona
1156 3512 1264 3581 feres?

336 3849 370 3903 la
388 3851 428 3902 stc
444 3825 572 3916 antinous
590 3860 669 3908 onus,
688 3839 772 3891 ceteri
790 3836 847 3888 sed·

406 3941 440 3992 19
458 3935 562 4003 (Babrii
578 3935 637 4000 64),
655 3931 674 3984 4
691 3928 761 3996 pared
778 3919 863 3976 multi.
902 3923 935 3976 12
953 3923 1055 3976 acetra's
1072 3919 1173 3988 stateris
1191 3932 1293 3971 omnes.

405 4030 441 4082 20
458 4022 561 4091 (Babrii
578 4021 618 4087 6),
634 4021 653 4073 6
671 4020 769 4069 domno
785 4012 855 4068 libri.
