3090 4954
805 385 826 446 6

357 559 415 627 sed
437 559 509 624 nisu
531 563 683 624 contenta
704 555 809 620 ferens
832 555 969 643 vestigia
990 554 1092 640 recte}

399 679 556 744 innocuos
578 695 675 764 proso
698 675 825 742 tramite
848 674 925 742 siste
948 667 1084 762 gradus.³

359 797 412 863 cui
428 806 524 863 natus
541 788 682 874 ‘faciem
704 794 731 860 si
752 815 806 860 me
826 785 1061 882 praecesseris,'
1083 791 1195 882 inquit,

315 937 345 982 ιο
396 909 564 1004 ‘rectaque
586 919 820 979 monstrantem
842 911 959 982 certior
979 912 1052 1001 ipse
1072 905 1208 1008 sequar?

359 1035 448 1122 [nam
468 1031 602 1102 stultum
624 1030 718 1100 nimis
741 1039 799 1114 est,
822 1051 897 1100 eum
920 1041 954 1097 tu
974 1029 1163 1121 pravissime
1185 1038 1331 1122 temptes,

401 1152 531 1219 alterius
552 1172 669 1219 censor
690 1159 727 1216 ut
746 1151 861 1218 vitiosa
882 1151 1001 1238 notes]

318 1391 340 1456 4
361 1389 482 1457 lmnitis
504 1389 620 1460 boreas
642 1387 853 1480 placidusque
874 1384 915 1454 ad
934 1393 1045 1456 cetere
1065 1384 1218 1456 Phoebus

403 1509 506 1600 iurgia
528 1526 604 1576 eum
624 1527 744 1595 magne
766 1526 960 1578 conseruere
981 1508 1065 1590 ineo,

362 1628 432 1718 quis
454 1629 543 1716 pn'or
563 1629 729 1717 inceptum
750 1636 893 1717 peragat.
914 1625 1122 1719 mediumque
1143 1639 1202 1720 per
1222 1650 1335 1698 arvrua

399 1749 553 1836 carpebat
573 1748 703 1815 solitum
725 1746 807 1815 forte
828 1745 934 1810 viator
954 1746 1023 1816 iter.
1139 1721 1145 1730 ⁹

334 1867 514 1930 econvenit
533 1861 618 1930 hanc
639 1866 747 1952 potius
767 1863 815 1933 liti
836 1859 1013 1953 praefigere
1035 1883 1177 1946 caluam,

403 1980 500 2071 pallia
522 1983 644 2053 nudate
668 1982 861 2052 decutienda
881 1982 961 2078 viro.

360 2103 506 2190 protinus
527 2101 689 2192 inpulsam
710 2111 827 2174 ventus
850 2103 972 2172 circum
994 2111 1085 2172 tenet
1106 2098 1259 2184 aethram,

404 2229 438 2285 et
458 2218 584 2310 gelidus
605 2221 719 2289 nimiae
742 2218 867 2311 depluit
883 2219 987 2289 imber
1008 2243 1125 2312 aquas:

362 2337 416 2406 ille
437 2339 541 2430 magis
563 2337 725 2430 duplicem
745 2337 838 2410 lateri
859 2340 982 2412 circum
1003 2341 1059 2410 dat
1080 2343 1243 2424 amicum,

322 2474 352 2518 10
409 2457 535 2526 turbida
557 2468 737 2526 summotos
760 2481 824 2550 qua
842 2457 939 2526 trahit
960 2483 1039 2528 aura
1060 2462 1158 2527 sinus.

362 2577 421 2644 sed
443 2588 557 2646 tenues
579 2577 687 2647 radios
707 2577 864 2670 paulatim
884 2581 1066 2649 inerescere
1087 2577 1239 2648 Phoebus

405 2699 554 2781 iusserat,
575 2708 611 2765 ut
631 2699 729 2768 nimio
752 2708 920 2788 spargeret
940 2700 1015 2790 igne
1036 2698 1137 2781 iubar,

364 2816 468 2886 donee
489 2817 575 2886 lassa
597 2816 711 2888 volens
733 2818 937 2908 requiescere
958 2817 1103 2886 membre
1125 2818 1229 2886 viator

406 2937 553 3026 deposita
574 2938 678 3005 lessus
701 2944 794 3002 veste
816 2935 947 3007 sederet
966 2935 1064 3002 humi.

322 3077 351 3121 rs
366 3062 443 3122 tune
463 3054 567 3123 vietor
587 3055 697 3126 doeuit
718 3055 899 3148 praesentia
920 3053 1053 3124 numina
1075 3053 1180 3135 Titan,

404 3173 529 3240 nullum
548 3175 733 3262 praemissis
756 3175 886 3241 vineere
907 3192 1005 3260 pesse
1026 3173 1129 3242 minis.

370 3564 509 3633 amansii
528 3566 623 3634 18)‚.1
641 3566 789 3634 pluriesque
808 3563 862 3616 duo
881 3561 1073 3631 antiquissimi,
1097 3564 1134 3618 rui
1150 3567 1244 3624 eidem
1259 3583 1362 3634 omnen,

301 3657 366 3708 item
383 3658 401 3710 2
421 3671 578 3709 correeruere
595 3659 670 3722 lave,
688 3659 717 3708 et
734 3657 752 3708 3
768 3671 818 3723 per
835 3654 934 3708 ortem.
971 3657 987 3710 7
1007 3657 1122 3723 inpulsis
1139 3661 1213 3710 reati
1229 3658 1362 3726 antiquis-

301 3747 394 3812 simus,
410 3746 495 3802 ceteri
507 3749 629 3814 inpulsus
640 3750 739 3815 ventis,
756 3752 813 3800 tum
826 3745 921 3799 aether
933 3762 1034 3800 omnes.
1070 3749 1104 3802 12
1120 3756 1263 3816 rprrperet
1281 3749 1362 3816 wop-

302 3838 422 3905 tensius,
440 3847 563 3906 serperet
580 3838 651 3892 libri.
688 3841 723 3894 14
740 3839 796 3908 Seri
814 3840 905 3905 posita
923 3836 1149 3906 antiquissimus,
1163 3839 1212 3894 sed
1229 3838 1311 3904 idem,
1331 3845 1363 3892 ut

303 3932 418 3981 testatur
428 3929 658 3998 Schneidewinus,
676 3927 723 3998 qui
739 3928 798 3980 eins
812 3933 933 3998 quartam
952 3928 1009 3982 fere
1023 3934 1126 3998 partem
1139 3928 1268 3998 excussit,
1284 3933 1362 3986 rade·

304 4029 358 4084 ret,
378 4038 432 4074 non
449 4022 551 4075 resedit
571 4023 614 4074 vel
632 4022 746 4084 recedit,
764 4021 837 4089 quod
855 4020 956 4074 habent
974 4035 1029 4073 non
1047 4019 1123 4094 nulli.
