3090 4954
621 397 757 511 '13

226 614 256 657 10
313 595 419 684 ipsum
443 593 540 659 etiam
563 593 596 658 in
619 595 719 660 risum
741 594 897 685 compulit
918 595 993 664 inde
1014 595 1133 662 lovem.

271 713 352 780 haec
375 723 484 779 tamen
515 721 589 777 ante
617 713 695 779 alios
723 715 809 804 rupit
834 714 1018 803 turpissima
1037 735 1163 794 vocem,

312 833 389 897 dum
411 831 539 920 generis
562 833 682 898 crimen
705 834 751 898 sic
774 832 904 901 abolere
928 833 1024 923 cupit.

267 945 421 1038 tluppiter
443 947 505 1016 hoc
528 953 622 1032 norit,
644 962 774 1018 maneat
795 953 929 1020 victoria
952 953 1093 1042 siquem:

313 1067 429 1136 iudicio
451 1079 603 1158 superest
625 1069 772 1136 omnibus
796 1072 856 1137 iste
877 1065 970 1142 meo.³

212 1304 252 1367 15
276 1302 457 1372 Threiciam
479 1305 646 1374 volucrem
668 1309 768 1376 lertur
789 1307 941 1378 Iunonius
966 1306 1033 1374 ales

313 1424 622 1496 eommunisociam
644 1441 710 1492 nun
732 1425 888 1494 tolerasse
912 1426 994 1507 cibo,

274 1543 426 1633 [namque
447 1543 531 1609 inter
551 1545 657 1610 varias
680 1545 784 1610 luerat
804 1544 964 1615 discordia
984 1545 1115 1622 formas,
1160 1583 1162 1591 ,

314 1683 497 1752 magnaque
522 1662 562 1730 de
584 1661 668 1728 facili
689 1662 793 1752 iurgia
815 1662 869 1730 lite
890 1661 1043 1748 trahunt]

247 1780 363 1870 squod
384 1779 442 1848 sibi
464 1779 654 1846 multimodo
678 1777 838 1870 fulgerent
858 1777 1003 1848 membra
1025 1779 1153 1858 decore,
1193 1849 1195 1854 ,

318 1897 501 1965 caeruleam
523 1900 667 1966 facerent
687 1899 785 1968 livida
807 1909 899 1988 terga
921 1922 1049 1987 gruem:
1092 1941 1094 1946 ,
1134 1923 1137 1930 ·

276 2025 309 2081 et
331 2015 426 2094 simul
449 2025 579 2090 erectae
601 2018 723 2085 circum
746 2018 825 2086 dans
849 2019 991 2104 tegmina
1002 2017 1136 2085 caudae
1197 2079 1200 2086 ,

321 2144 483 2223 sparserat
506 2143 651 2213 arcetum
673 2154 784 2202 sursus
807 2135 1071 2211 iuastraiubar.

276 2251 429 2330 illalicet
450 2253 538 2323 nullu
561 2257 731 2344 pinnarum
754 2263 855 2324 certet
876 2251 1008 2336 honore,

236 2392 267 2436 ro
324 2369 372 2436 his
396 2381 505 2450 tamen
527 2370 683 2438 insultans
705 2371 839 2438 vocibus
862 2393 921 2448 usa
944 2371 1045 2438 datur.

274 2484 435 2580 ‘quamvis
458 2492 645 2557 innumerus
667 2489 794 2582 plumas
817 2490 989 2556 variaverit
1011 2490 1099 2573 ordo,

321 2634 446 2688 mersus
469 2609 559 2689 humi
579 2631 708 2698 semper
730 2609 843 2689 florida
859 2618 957 2698 ‘terga
975 2612 1077 2698 geris:
1150 2681 1152 2686 ,

280 2739 330 2795 ast
352 2752 414 2818 ega
438 2729 573 2808 deformi
596 2727 738 2806 sublimis
761 2729 794 2794 iu
819 2745 899 2806 aera
914 2729 1025 2831 piune„

496 2800 498 2807 ι
509 2798 513 2808 ι

324 2847 471 2935 proxima
494 2844 650 2922 sideribus
672 2845 929 2934 nmninibusquc,
952 2841 1056 2922 feror?

221 3086 260 3149 16
283 3081 448 3156 Montibus¹
469 3105 488 3148 e
509 3082 642 3154 summis
664 3081 1131 3186 radicims.,erutaquaercus3.
1204 3101 1229 3143 ss

325 3199 442 3268 decidit
463 3200 571 3269 insani*
588 3200 713 3268 turbine
735 3203 821 3275 victa
837 3201 924 3283 'noti3
1031 3223 1045 3240 ¹·
1152 3261 1153 3269 ,

285 3341 382 3410 quam
404 3319 533 3386 tumidis
556 3319 666 3387 subter
689 3318 862 3398 decurrens
887 3319 997 3387 alveus
1019 3321 1113 3394 undis

324 3439 458 3528 suscipit
480 3448 512 3505 et
532 3438 630 3505 fluvio
654 3439 883 3528 praecipitante
906 3441 1002 3529 rapit:

221 3792 256 3846 10
273 3791 399 3856 compulit
418 3789 467 3841 ire.
506 3791 539 3842 12
557 3789 683 3856 ascetria
700 3788 786 3844 multi.
822 3791 857 3845 13
875 3791 961 3844 σιοεσίι
980 3789 1167 3860 antiquissimi.

292 3883 325 3935 15
344 3878 527 3952 (Rettulit),
542 3882 562 3934 *2
580 3881 747 3935 coarmantes
765 3883 808 3936 rel
828 3883 990 3936 conticuisse
1008 3881 1087 3944 libri,
1111 3882 1280 3935 Sarranum.

223 3971 274 4024 hoc
297 3971 422 4028 Barthius
447 3969 574 4026 correxit.
615 3973 709 4024 eodem
733 3989 813 4026 versu
834 3989 939 4028 amram
961 3989 1047 4042 unus,
1071 3970 1155 4028 celeri
1177 3987 1280 4026 masas.

223 4063 257 4113 13
275 4063 303 4112 in
322 4078 384 4115 sere
404 4061 489 4114 multi.
