3090 4954
701 421 745 486 25

196 591 239 656 33
260 593 364 659 Anser
387 599 455 656 erat
476 589 604 656 cuidam
624 591 767 680 pretioso
791 593 935 680 germine
956 594 1030 675 feta,

303 732 429 802 ovaque
453 732 537 800 quae
558 707 640 776 nidis
663 731 762 776 aurea
783 731 882 799 saepe
905 710 1021 778 dareta
1103 740 1104 745 ¹

200 902 201 906 ,
262 827 388 916 [fixerat
408 827 494 896 hanc
514 827 638 896 volucri
660 827 767 918 legem
787 838 904 896 natura
925 831 1093 920 superbae,

303 969 345 1013 ne
365 946 463 1014 liceat
482 949 601 1038 pariter
622 971 757 1015 munera
778 949 862 1014 ferre
886 948 960 1016 duc.
1025 957 1027 960 ’

233 1065 319 1134 used
342 1066 499 1150 domnius,
522 1067 674 1158 cupidum
695 1089 829 1158 sperans
852 1089 1029 1136 vanescere
1048 1075 1173 1151 'votum3

305 1208 371 1252 non
393 1185 466 1252 tulit
486 1208 604 1254 exosas
626 1188 660 1254 in
682 1209 744 1253 sua
763 1185 855 1253 lucra
875 1185 1007 1274 moras]
1058 1193 1061 1200 '
1128 1196 1138 1224 ²
1169 1165 1170 1168 Ἴ

261 1305 382 1394 grande
404 1315 502 1377 ratus.
514 1307 653 1396 pretium
673 1303 814 1374 volucris
837 1303 879 1372 de
898 1313 1005 1370 morte
1026 1305 1148 1372 reterre

305 1425 360 1514 qui
381 1433 448 1492 tarn
462 1425 623 1492 'ecntirmc
645 1444 781 1492 munere
804 1422 893 1490 dives
917 1432 995 1506 erat,
1068 1429 1073 1437 ’
1154 1457 1157 1464 ’

112 1572 115 1580 ·
136 1598 155 1624 ,
264 1551 436 1634 postquam
456 1543 544 1610 nuda
566 1543 676 1610 minax
698 1543 764 1632 egit
782 1563 842 1633 per
862 1539 988 1610 viscera
1009 1541 1129 1610 ferrum

223 1677 253 1724 1⁰
311 1672 344 1729 et
364 1669 503 1730 vacuam
524 1661 626 1730 solitis
648 1661 767 1730 ictibus
787 1684 859 1728 esse
874 1660 978 1744 ridet,
1041 1677 1044 1684 '

264 1780 421 1870 ingemuit
441 1780 726 1872 tantae'deceptus
749 1780 882 1848 crimine
903 1780 1037 1850 fraudis:
1106 1787 1109 1794 ⁴

212 1939 215 1944 ·
307 1921 384 1965 narn
404 1922 545 1991 poenam
567 1899 830 1968 meritis'rettulit
850 1899 925 1968 inde
947 1901 1023 1969 sris.

270 2018 329 2106 [sic
352 2020 406 2109 qui
428 2027 546 2086 cuncta
567 2017 646 2085 deos
667 2040 733 2085 uno
755 2017 842 2086 male
862 2027 1011 2108 tempore
1031 2025 1179 2110 poscunt,

311 2139 427 2205 iustius
445 2135 495 2204 his
517 2137 615 2204 etiam
636 2145 715 2204 vota
737 2135 851 2204 diuma
871 2137 1015 2228 negarit]
1082 2143 1085 2148 '

206 2375 250 2441 34
272 2373 439 2466 [Quisquis
462 2384 645 2465 torpentem
665 2397 781 2467 passus
804 2376 940 2443 transire
959 2376 1125 2444 iuventam

311 2515 374 2560 nec
395 2493 501 2560 timuit
522 2493 609 2560 vitae
630 2493 785 2586 prunidus
808 2504 887 2562 ante
903 2493 1012 2578 mala,'

273 2613 440 2680 confectus
463 2613 564 2696 senio,
586 2615 888 2704 postquam'gravis
911 2612 1012 2682 adfuit
1033 2624 1132 2698 aetas,

313 2728 378 2798 heu
401 2731 519 2798 frustra
541 2729 672 2798 alterius
694 2753 794 2820 saepe
816 2733 942 2821 rogabit
962 2732 1080 2822 opem]
1162 2761 1164 2768 ,

245 2848 403 2916 eSolibus
425 2871 561 2938 erepens
581 2847 682 2915 ,hiemi
702 2849 837 2915 formica
858 2847 986 2917 labores
1028 2853 1031 2860 “
1085 2863 1088 2871 “

252 3012 255 3016 -
317 2967 430 3034 detulit
452 2978 485 3034 et
504 2967 655 3035 brevibus
679 2967 821 3036 condidit
842 2971 1043 3038 antc'cairis:

275 3109 390 3154 verum
411 3085 466 3154 ubi
488 3085 664 3154 candentes
687 3087 829 3176 suscepit
843 3091 937 3154 'terra
958 3089 1099 3178 pruinas
1138 3113 1142 3120 ·

319 3205 473 3297 [arvaque
496 3203 556 3272 sub
576 3204 681 3294 rigido
705 3205 860 3273 delituere
883 3205 994 3296 gelu„
1028 3233 1031 3240 ⁴
1092 3255 1110 3268 ..

275 3327 367 3417 pigra
389 3317 483 3392 nitriis
502 3331 610 3390 tantos
631 3344 697 3390 non
720 3329 863 3415 aequans
885 3345 1021 3413 corpure
1038 3325 1192 3414 ‚niinbosl'
1229 3351 1253 3386 .··.

236 3465 266 3510 ro
320 3443 354 3510 in
375 3441 494 3511 laribus
516 3442 653 3532 propriis
674 3441 784 3510 umida
806 3464 907 3534 grana
927 3440 1015 3532 legit.
1037 3497 1040 3502 ,
1101 3471 1105 3502 ι
1127 3487 1132 3506 2.
1162 3473 1166 3479 ·

278 3560 411 3630 decolor
431 3558 516 3629 hanc
537 3559 686 3650 precibus
708 3558 847 3651 supplex
869 3559 1019 3629 alimenta
1041 3562 1185 3653 rogabat,

322 3703 405 3773 quae
428 3678 592 3772 quondam
615 3675 748 3774 querulo
772 3688 905 3770 ruperat
926 3703 1005 3749 arra
1025 3703 1121 3750 sono:

287 3923 322 3973 33
339 3921 443 3988 (Rubrii
461 3921 535 3989 128).

289 4012 325 4065 34
343 4013 446 4080 (Babrii
464 4013 542 4079 137),
564 4012 581 4066 5
600 4019 708 4078 ereptus
724 4011 799 4078 nari,
821 4013 980 4080 aternu,
999 4015 1034 4068 10
1051 4016 1080 4067 in
1097 4017 1219 4082 propetis
1235 4018 1278 4066 tc-

220 4101 303 4164 ritas,
