3090 4954
819 393 841 455 4

300 564 434 654 [fabulas
451 564 534 647 dedi,
556 587 635 655 quas
657 563 729 629 rudi
745 560 916 628 Latinitate
934 562 1141 654 compositas]
1166 560 1266 650 elegis
1289 587 1362 630 sum

300 683 462 774 explicare
493 692 635 750 conatus.
679 681 778 748 habes
810 704 887 770 ergo
924 706 1004 774 opus
1040 703 1102 772 quo
1134 681 1276 748 animum
1304 683 1363 748 ob-

300 802 418 884 lectes,
445 803 609 891 ingenium
633 823 804 882 exerceas,
831 799 1061 868 sollicitudines
1083 796 1172 864 leves
1197 806 1364 891 totumque

301 921 431 988 vivendi
459 921 605 987 ordinem
634 931 746 986 cautus
777 943 946 1010 agnoscas.
982 919 1089 1008 [loqui
1117 941 1195 984 vero
1224 918 1365 1000 arbores,

266 1042 389 1107 asseras
418 1062 492 1106 oum
522 1037 703 1106 hominibus
733 1062 878 1128 gemere,
914 1038 1019 1104 verbis
1054 1047 1178 1104 certare
1205 1035 1366 1117 volucres,

303 1157 451 1225 animalia
474 1156 576 1222 ridere
596 1159 741 1237 fecimus,
762 1167 798 1223 ut
820 1178 877 1246 pro
898 1154 1099 1244 singulorum
1120 1155 1366 1222 necessitatibus

303 1277 356 1344 vel
379 1276 418 1343 ab
440 1277 517 1365 ipsis
540 1277 686 1342 inanimis
709 1275 867 1341 sententia
889 1275 1089 1364 proferatur]

277 1659 291 1719 l
310 1624 462 1731 Rustica
484 1662 584 1730 deleri
604 1685 741 1752 puerum
764 1665 927 1729 iuraverat
949 1661 1035 1744 olim,

349 1785 383 1848 ni
405 1792 519 1862 taceat,
542 1781 652 1846 rabido
676 1781 763 1870 quod
786 1782 868 1846 leret
891 1803 966 1846 esca
986 1779 1073 1868 lupo.

308 1899 460 1970 credulus
482 1899 566 1964 hanc
588 1920 706 1964 vocem
727 1896 825 1988 lupus
846 1897 955 1979 audiit,
978 1906 1010 1962 et
1032 1907 1141 1964 manet
1161 1899 1246 1987 ipsas

348 2017 581 2110 pervigilante
603 2017 699 2098 lorea,
720 2017 814 2085 inrita
835 2025 912 2084 vota
934 2036 1059 2106 gerens.

285 2160 388 2204 enam
406 2136 527 2205 lassata
547 2157 629 2224 puer
650 2137 767 2210 nimiae
791 2135 845 2201 dat
866 2135 1011 2200 membra
1035 2137 1146 2226 quieti:
1215 2155 1218 2160 ·

350 2277 443 2344 spem
466 2275 595 2343 quoque
617 2254 752 2343 raptoris
774 2251 903 2319 sustulit
922 2253 1000 2320 indo
1019 2256 1104 2320 lami.

282 2391 285 2396 ·
307 2374 395 2446 huno
416 2373 471 2440 ubi
490 2371 646 2441 ¹siluarum
668 2382 869 2462 repetentem
889 2372 991 2440 lustra
1011 2397 1142 2442 suarum

330 2494 493 2568 ,ieiunum
516 2492 635 2559 curtiux
658 2491 759 2558 sensit
781 2491 896 2558 adesse
918 2491 1004 2580 lupa,

307 2606 395 2678 ‘our'
420 2611 523 2700 inquit
539 2605 674 2677 ‘nullam
697 2610 838 2676 relerens
862 2609 902 2674 de
924 2629 1022 2688 more.
1035 2609 1181 2698 rapinam
1292 2653 1294 2658 >

274 2750 305 2795 10
356 2727 508 2818 languida
531 2729 739 2817 consumptis.
754 2726 901 2804 distrahis
925 2721 1145 2817 oravsgenis2'1
1175 2749 1179 2804 ζ
1241 2797 1268 2806 ,,

308 2841 363 2914 ‘ne
375 2841 527 2924 -misreris'
552 2842 801 2936 ait‘deseptum
823 2846 934 2914 fraude
952 2844 1097 2936 maligna

352 2966 410 3034 vix
431 2965 585 3042 miserum
606 2965 906 3058 vacuadelituisse,
920 2965 1012 3055 gula:
1086 2999 1089 3005 ¹

310 3105 386 3162 nam
401 3102 487 3176 orsae
500 3061 759 3174 praeda-regas,
780 3059 866 3176 ¹<suae
882 3083 1159 3175 spesoontingere
1176 3096 1300 3175 posset,

356 3203 477 3292 [iurgia
497 3204 630 3278 nutricis
654 3225 729 3280 cum
751 3203 828 3280 milri
848 3199 1124 3280 verlsa,de1ent?'

275 3319 397 3399 15haec
415 3320 485 3412 silai:
502 3319 595 3420 diota¹
608 3318 911 3410 putetlsequehac,
927 3323 1007 3402 sciat
1023 3331 1096 3400 ¹arte
1117 3325 1243 3410 notari]
1335 3388 1338 3394 ,

353 3439 525 3509 femineam
547 3438 697 3528 quisquis
710 3419 856 3517 ‘credidit'
873 3437 1114 3520 esseglidenrlffg

311 3715 346 3767 22
364 3729 457 3766 omnes
475 3716 582 3776 astaus,
602 3716 674 3783 quod
691 3715 822 3768 Pithoeus
839 3715 964 3770 correxit

382 3806 398 3858 1
417 3801 521 3870 (Babrii
541 3803 598 3872 lo),
623 3807 718 3872 lpars
735 3805 877 3870 librorum,
894 3805 922 3856 in
941 3806 1002 3873 quis
1020 3806 1212 3875 antiquissimi,
1231 3808 1371 3872 derlemem

311 3909 433 3976 omarum,
451 3893 535 3946 ceteri
553 3895 664 3957 deflenti
681 3913 775 3963 paruo,
798 3899 816 3949 6
833 3899 940 3962 raptori
958 3903 986 3950 et
1003 3899 1086 3966 fomis
1098 3901 1142 3952 rel
1159 3901 1255 3966 fomes.
1291 3903 1309 3954 9
1326 3915 1371 3954 re-

265 3985 273 4000 ·
312 3987 386 4052 feres
404 3983 606 4053 antiquissimus
623 4001 640 4038 a
658 3985 743 4052 prima
760 4003 859 4052 manu,
876 3990 965 4055 refers
983 3988 1103 4056 plurimi,
1125 3991 1216 4057 desere
1234 3992 1278 4044 rel
1294 3992 1371 4052 ruodo

311 4077 370 4142 fers
388 4074 561 4129 recentiores.
599 4080 655 4128 tum
674 4079 709 4132 10
726 4081 774 4131 sed
792 4077 879 4132 trullis
897 4095 998 4135 ornnes.
1035 4083 1069 4132 12
1085 4083 1153 4148 suaa
1170 4097 1273 4144 ornnes,
