3090 4954
789 417 829 480 14

314 609 455 656 overrun
477 590 531 656 ubi
555 565 688 656 diversis
709 585 871 676 inpellitur
893 586 992 652 ardua
1014 587 1099 675 ripis,

383 709 416 772 in
439 707 566 797 fragiles
590 703 731 773 calamos
755 706 876 795 grande
900 705 1009 772 residit
1030 725 1121 771 onus.

343 837 419 894 tunc
442 831 488 895 sic
513 829 631 916 exiguo
655 821 828 892 conectens
858 825 998 913 caespite
1026 845 1133 890 ramos

384 949 516 1013 miratur
543 945 668 1038 liquidis
692 945 778 1036 quod
805 951 870 1010 stet
891 942 1036 1009 harundo
1059 943 1165 1010 vadis:

343 1090 378 1131 se
402 1089 530 1156 quoque
554 1077 620 1132 tam
642 1074 734 1132 vasto
757 1085 817 1132 nec
841 1064 926 1130 enim
948 1063 1125 1130 consistere
1147 1073 1271 1149 trunco,

300 1203 331 1248 ro
387 1194 436 1250 ast
455 1183 543 1250 illam
566 1185 655 1251 tenui
677 1184 796 1250 cortice
817 1184 901 1248 ferre
923 1183 1034 1248 minas.

343 1302 476 1373 stridula
498 1325 576 1369 mox
598 1299 716 1368 blando
738 1301 937 1391 respondens
962 1320 1065 1368 canna
1087 1325 1228 1386 susurro,

383 1444 484 1513 seque
506 1422 610 1510 magis
633 1429 735 1486 tutam
757 1417 920 1486 debilitate
944 1420 1074 1504 docens,

336 1535 385 1606 ‘tu
407 1535 552 1630 rapidos'
575 1541 678 1630 inquit
695 1532 824 1604 ‘ventos
845 1559 1026 1631 saevasque
1047 1539 1207 1631 proeellas

384 1659 531 1750 despicis,
554 1667 587 1727 et
606 1659 682 1725 totis
705 1656 825 1724 viribus
847 1667 920 1726 acta
941 1659 1022 1725 ruis:

299 1803 328 1846 ra
344 1789 394 1846 ast
416 1796 477 1869 ego
500 1786 670 1868 surgentes
692 1775 846 1866 paulatim
869 1777 1021 1843 demoror
1042 1789 1178 1859 austros,

381 1906 413 1964 et
432 1897 578 1988 quamvis
600 1895 724 1964 levibus
746 1889 881 1986 provida
903 1895 984 1962 cerlo
1001 1897 1100 1974 notis.

338 2018 371 2083 in
392 2027 448 2084 tua
469 2017 643 2106 proruptus
666 2037 702 2083 se
726 2007 996 2083 effunditrobora
1018 2015 1162 2083 nimbus:

380 2134 518 2202 motibus
542 2157 620 2202 aura
641 2137 722 2201 meis
743 2133 906 2201 ludificata
927 2130 1039 2223 perit?

337 2253 430 2341 [haec
451 2275 511 2320 nos
535 2253 620 2320 dicta
640 2262 774 2320 monent
795 2255 920 2344 magnis
941 2253 1100 2322 obsistere
1122 2255 1247 2337 frustra,

294 2394 325 2440 ao
380 2371 598 2464 paulatimque
620 2384 727 2441 truces
750 2393 930 2464 exuperare
948 2363 1078 2460 minas]
1137 2409 1141 2414 ·

274 2613 313 2676 17
334 2611 480 2680 Venator
499 2608 611 2676 iaculis
633 2607 719 2676 haud
740 2607 833 2676 inrita
854 2607 989 2674 vulnera
1011 2617 1164 2699 torquens

378 2725 527 2794 turbabat
547 2726 687 2818 trepidas
709 2747 769 2818 per
791 2749 850 2794 sua
871 2726 971 2793 lustra
993 2727 1086 2794 feras.

334 2846 421 2914 hunc
442 2845 566 2936 pavidis
586 2846 693 2914 aurlax
715 2837 848 2936 cupiens
871 2867 1060 2914 succurrere
1081 2848 1171 2935 tigris

375 2951 503 3032 vertere
526 2976 704 3034 commotas
726 2965 818 3031 iussit
840 2963 881 3031 ad
903 2987 993 3032 arma
1013 2967 1125 3032 minas.

305 3081 516 3153 aille'tamen
538 3083 632 3155 solito
655 3093 872 3175 contorquens
894 3081 958 3150 tela
981 3082 1101 3151 lacerto

370 3197 471 3270 ‘nunc
494 3203 559 3284 tibi,
582 3225 646 3294 qua
667 3202 796 3282 lateam,
817 3202 948 3268 nuntius
968 3202 1030 3270 iste
1051 3200 1167 3286 refert,'

339 3521 373 3573 lo
391 3519 494 3586 (Babrii
512 3521 576 3588 36),
595 3521 612 3572 6
630 3522 727 3573 residit
746 3537 815 3574 unus
834 3519 978 3589 antiquus,
1001 3520 1085 3575 ceteri
1102 3523 1205 3574 resedit
1223 3523 1265 3575 rel
1281 3537 1327 3574 re-

268 3612 348 3663 cedit.
383 3611 529 3664 {incedunt
546 3611 622 3679 libri,
647 3609 752 3680 eliquat
775 3611 942 3666 recentiores
959 3613 1084 3664 nondam.
1120 3614 1154 3666 12
1173 3615 1249 3665 docet
1266 3611 1328 3664 libri

268 3717 374 3768 omnes,
399 3701 447 3753 sed
466 3702 499 3753 11
518 3703 683 3768 respondens
702 3701 876 3772 antiquiores.
917 3705 951 3758 17
968 3709 1133 3771 praeruptas
1151 3707 1254 3756 tantum
1273 3718 1327 3756 non

266 3807 368 3860 omnes,
386 3795 444 3843 tum
463 3792 577 3858 offendit
596 3793 696 3846 omisso
712 3810 742 3846 se
760 3809 862 3846 omnes.
1169 3841 1172 3847 .

265 3911 266 3914 =
336 3884 371 3936 lt
389 3882 493 3949 (Bebrll
511 3881 556 3952 1),
578 3886 727 3953 acaptare
744 3883 805 3937 libri
824 3888 943 3954 veteres,
968 3888 1083 3953 partam
1099 3881 1273 3940 recentiores.
1309 3885 1326 3936 3

265 3981 328 4027 tanc
344 3973 482 4042 plerique,
500 3991 555 4028 uon
573 3974 641 4028 nulli
658 3981 723 4030 torn.
759 3975 778 4029 4
795 3974 858 4030 libri
874 3977 999 4048 verbere,
1024 3983 1081 4032 tum
1106 3979 1201 4032 adesse
1218 3979 1263 4030 rel
1279 3975 1327 4028 nl-

266 4080 333 4118 εσσε.
369 4063 387 4116 6
406 4067 493 4133 qualis
512 4082 587 4120 eram
606 4081 707 4118 omnes.
